@article{ButterflyQuantUltralowbitLLMQuantization,
  title={ ButterflyQuant: Ultra-low-bit LLM Quantization through Learnable
  Orthogonal Butterfly Transforms },
  year={ 2025 },
}

@article{SimpleVLARLScalingVLATrainingviaReinforc,
  title={ SimpleVLA-RL: Scaling VLA Training via Reinforcement Learning },
  year={ 2025 },
}

@article{CDECuriosityDrivenExplorationforEfficien,
  title={ CDE: Curiosity-Driven Exploration for Efficient Reinforcement Learning
  in Large Language Models },
  year={ 2025 },
}

@article{LocalityinImageDiffusionModelsEmergesfro,
  title={ Locality in Image Diffusion Models Emerges from Data Statistics },
  year={ 2025 },
}

@article{DexploreScalableNeuralControlforDexterou,
  title={ Dexplore: Scalable Neural Control for Dexterous Manipulation from
  Reference-Scoped Exploration },
  year={ 2025 },
}

@article{FLUXReason6MPRISMBenchAMillionScaleTextt,
  title={ FLUX-Reason-6M & PRISM-Bench: A Million-Scale Text-to-Image Reasoning
  Dataset and Comprehensive Benchmark },
  year={ 2025 },
}

@article{ButterflyQuantUltralowbitLLMQuantization,
  title={ ButterflyQuant: Ultra-low-bit LLM Quantization through Learnable
  Orthogonal Butterfly Transforms },
  year={ 2025 },
}

@article{CosmicτensionsIndirectlyCorrelatewithRei,
  title={ Cosmic $τ$ensions Indirectly Correlate with Reionization Optical
  Depth },
  year={ 2025 },
}

@article{TheIllusionofDiminishingReturnsMeasuring,
  title={ The Illusion of Diminishing Returns: Measuring Long Horizon Execution in
  LLMs },
  year={ 2025 },
}

@article{SpatialVIDALargeScaleVideoDatasetwithSpa,
  title={ SpatialVID: A Large-Scale Video Dataset with Spatial Annotations },
  year={ 2025 },
}

@article{SimpleVLARLScalingVLATrainingviaReinforc,
  title={ SimpleVLA-RL: Scaling VLA Training via Reinforcement Learning },
  year={ 2025 },
}

@article{CDECuriosityDrivenExplorationforEfficien,
  title={ CDE: Curiosity-Driven Exploration for Efficient Reinforcement Learning
  in Large Language Models },
  year={ 2025 },
}

@article{Cosmologyinferencewithperturbativeforwar,
  title={ Cosmology inference with perturbative forward modeling at the field
  level: a comparison with joint power spectrum and bispectrum analyses },
  year={ 2025 },
}

@article{LocalityinImageDiffusionModelsEmergesfro,
  title={ Locality in Image Diffusion Models Emerges from Data Statistics },
  year={ 2025 },
}

@article{DexploreScalableNeuralControlforDexterou,
  title={ Dexplore: Scalable Neural Control for Dexterous Manipulation from
  Reference-Scoped Exploration },
  year={ 2025 },
}

@article{Optimalsymmetryoperators2025,
  title={ Optimal symmetry operators },
  year={ 2025 },
}

@article{StrongtoWeakSymmetryBreakingPhasesinStea,
  title={ Strong-to-Weak Symmetry Breaking Phases in Steady States of Quantum
  Operations },
  year={ 2025 },
}

@article{MagnetotransportacrossWeylsemimetalgrain,
  title={ Magnetotransport across Weyl semimetal grain boundaries },
  year={ 2025 },
}

@article{GeometricNeuralDistanceFieldsforLearning,
  title={ Geometric Neural Distance Fields for Learning Human Motion Priors },
  year={ 2025 },
}

@article{CanUnderstandingandGenerationTrulyBenefi,
  title={ Can Understanding and Generation Truly Benefit Together -- or Just
  Coexist? },
  year={ 2025 },
}

@article{18percentmeasurementofH0fromCepheidsalon,
  title={ 1.8 per cent measurement of $H_0$ from Cepheids alone },
  year={ 2025 },
}

@article{PredictionofseveralCobasedLa3Ni2O7likesu,
  title={ Prediction of several Co-based La$_3$Ni$_2$O$_7$-like superconducting
  materials },
  year={ 2025 },
}

@article{Bogoliubovquasiparticlesinsuperconductor,
  title={ Bogoliubov quasi-particles in superconductors are integer-charged
  particles inapplicable for braiding quantum information },
  year={ 2025 },
}

@article{GaloisProfessorsRevenge2025,
  title={ Galois' Professor's Revenge },
  year={ 2025 },
}

@article{CohomologicalinvariantsofmathscrM3nviale,
  title={ Cohomological invariants of $\mathscr{M}_{3,n}$ via level structures },
  year={ 2025 },
}

@article{SteeringMoELLMsviaExpertDeActivation2025,
  title={ Steering MoE LLMs via Expert (De)Activation },
  year={ 2025 },
}

@article{Exactsolutionofthetwomagnonprobleminthek,
  title={ Exact solution of the two-magnon problem in the $k=-π/2$ sector of a
  finite-size anisotropic spin-$1/2$ frustrated ferromagnetic chain },
  year={ 2025 },
}

@article{MeasuringEpistemicHumilityinMultimodalLa,
  title={ Measuring Epistemic Humility in Multimodal Large Language Models },
  year={ 2025 },
}

@article{UniformitywithinParameterizedCircuitClas,
  title={ Uniformity within Parameterized Circuit Classes },
  year={ 2025 },
}

@article{HeterogeneousAgentsintheDataEconomy2025,
  title={ Heterogeneous Agents in the Data Economy },
  year={ 2025 },
}

@article{FLUXReason6MPRISMBenchAMillionScaleTextt,
  title={ FLUX-Reason-6M & PRISM-Bench: A Million-Scale Text-to-Image Reasoning
  Dataset and Comprehensive Benchmark },
  year={ 2025 },
}

@article{ButterflyQuantUltralowbitLLMQuantization,
  title={ ButterflyQuant: Ultra-low-bit LLM Quantization through Learnable
  Orthogonal Butterfly Transforms },
  year={ 2025 },
}

@article{CosmicτensionsIndirectlyCorrelatewithRei,
  title={ Cosmic $τ$ensions Indirectly Correlate with Reionization Optical
  Depth },
  year={ 2025 },
}

@article{FLUXReason6MPRISMBenchAMillionScaleTextt,
  title={ FLUX-Reason-6M & PRISM-Bench: A Million-Scale Text-to-Image Reasoning
  Dataset and Comprehensive Benchmark },
  year={ 2025 },
}

@article{ButterflyQuantUltralowbitLLMQuantization,
  title={ ButterflyQuant: Ultra-low-bit LLM Quantization through Learnable
  Orthogonal Butterfly Transforms },
  year={ 2025 },
}

@article{CosmicτensionsIndirectlyCorrelatewithRei,
  title={ Cosmic $τ$ensions Indirectly Correlate with Reionization Optical
  Depth },
  year={ 2025 },
}

@article{TheIllusionofDiminishingReturnsMeasuring,
  title={ The Illusion of Diminishing Returns: Measuring Long Horizon Execution in
  LLMs },
  year={ 2025 },
}

@article{SpatialVIDALargeScaleVideoDatasetwithSpa,
  title={ SpatialVID: A Large-Scale Video Dataset with Spatial Annotations },
  year={ 2025 },
}

@article{SimpleVLARLScalingVLATrainingviaReinforc,
  title={ SimpleVLA-RL: Scaling VLA Training via Reinforcement Learning },
  year={ 2025 },
}

@article{CDECuriosityDrivenExplorationforEfficien,
  title={ CDE: Curiosity-Driven Exploration for Efficient Reinforcement Learning
  in Large Language Models },
  year={ 2025 },
}

@article{Cosmologyinferencewithperturbativeforwar,
  title={ Cosmology inference with perturbative forward modeling at the field
  level: a comparison with joint power spectrum and bispectrum analyses },
  year={ 2025 },
}

@article{LocalityinImageDiffusionModelsEmergesfro,
  title={ Locality in Image Diffusion Models Emerges from Data Statistics },
  year={ 2025 },
}

@article{DexploreScalableNeuralControlforDexterou,
  title={ Dexplore: Scalable Neural Control for Dexterous Manipulation from
  Reference-Scoped Exploration },
  year={ 2025 },
}

@article{Optimalsymmetryoperators2025,
  title={ Optimal symmetry operators },
  year={ 2025 },
}

@article{StrongtoWeakSymmetryBreakingPhasesinStea,
  title={ Strong-to-Weak Symmetry Breaking Phases in Steady States of Quantum
  Operations },
  year={ 2025 },
}

@article{MagnetotransportacrossWeylsemimetalgrain,
  title={ Magnetotransport across Weyl semimetal grain boundaries },
  year={ 2025 },
}

@article{GeometricNeuralDistanceFieldsforLearning,
  title={ Geometric Neural Distance Fields for Learning Human Motion Priors },
  year={ 2025 },
}

@article{CanUnderstandingandGenerationTrulyBenefi,
  title={ Can Understanding and Generation Truly Benefit Together -- or Just
  Coexist? },
  year={ 2025 },
}

@article{18percentmeasurementofH0fromCepheidsalon,
  title={ 1.8 per cent measurement of $H_0$ from Cepheids alone },
  year={ 2025 },
}

@article{PredictionofseveralCobasedLa3Ni2O7likesu,
  title={ Prediction of several Co-based La$_3$Ni$_2$O$_7$-like superconducting
  materials },
  year={ 2025 },
}

@article{Bogoliubovquasiparticlesinsuperconductor,
  title={ Bogoliubov quasi-particles in superconductors are integer-charged
  particles inapplicable for braiding quantum information },
  year={ 2025 },
}

@article{GaloisProfessorsRevenge2025,
  title={ Galois' Professor's Revenge },
  year={ 2025 },
}

@article{CohomologicalinvariantsofmathscrM3nviale,
  title={ Cohomological invariants of $\mathscr{M}_{3,n}$ via level structures },
  year={ 2025 },
}

@article{SteeringMoELLMsviaExpertDeActivation2025,
  title={ Steering MoE LLMs via Expert (De)Activation },
  year={ 2025 },
}

@article{Exactsolutionofthetwomagnonprobleminthek,
  title={ Exact solution of the two-magnon problem in the $k=-π/2$ sector of a
  finite-size anisotropic spin-$1/2$ frustrated ferromagnetic chain },
  year={ 2025 },
}

@article{MeasuringEpistemicHumilityinMultimodalLa,
  title={ Measuring Epistemic Humility in Multimodal Large Language Models },
  year={ 2025 },
}

@article{UniformitywithinParameterizedCircuitClas,
  title={ Uniformity within Parameterized Circuit Classes },
  year={ 2025 },
}

@article{HeterogeneousAgentsintheDataEconomy2025,
  title={ Heterogeneous Agents in the Data Economy },
  year={ 2025 },
}

@article{iMatcherImprovematchinginpointcloudregis,
  title={ iMatcher: Improve matching in point cloud registration via
  local-to-global geometric consistency learning },
  year={ 2025 },
}

@article{PianoVAMAMultimodalPianoPerformanceDatas,
  title={ PianoVAM: A Multimodal Piano Performance Dataset },
  year={ 2025 },
}

@article{OneViewManyWorldsSingleImageto3DObjectMe,
  title={ One View, Many Worlds: Single-Image to 3D Object Meets Generative Domain
  Randomization for One-Shot 6D Pose Estimation },
  year={ 2025 },
}

@article{ParseGraphBasedVisualLanguageInteraction,
  title={ Parse Graph-Based Visual-Language Interaction for Human Pose Estimation },
  year={ 2025 },
}

@article{H2OTHierarchicalHourglassTokenizerforEff,
  title={ H$_{2}$OT: Hierarchical Hourglass Tokenizer for Efficient Video Pose
  Transformers },
  year={ 2025 },
}

@article{DVLO4DDeepVisualLidarOdometrywithSparseS,
  title={ DVLO4D: Deep Visual-Lidar Odometry with Sparse Spatial-temporal Fusion },
  year={ 2025 },
}

@article{MotionAwareViTbasedFrameworkforMonocular,
  title={ Motion Aware ViT-based Framework for Monocular 6-DoF Spacecraft Pose
  Estimation },
  year={ 2025 },
}

@article{MultiLVISAMARobustLiDARVisualInertialOdo,
  title={ Multi-LVI-SAM: A Robust LiDAR-Visual-Inertial Odometry for Multiple
  Fisheye Cameras },
  year={ 2025 },
}

@article{WinT3RWindowBasedStreamingReconstruction,
  title={ WinT3R: Window-Based Streaming Reconstruction with Camera Token Pool },
  year={ 2025 },
}

@article{SmartPoserArmPoseEstimationwithaSmartpho,
  title={ SmartPoser: Arm Pose Estimation with a Smartphone and Smartwatch Using
  UWB and IMU Data },
  year={ 2025 },
}

@article{ComputationalImagingforEnhancedComputerV,
  title={ Computational Imaging for Enhanced Computer Vision },
  year={ 2025 },
}

@article{Estimating2DKeypointsofSurgicalToolsUsin,
  title={ Estimating 2D Keypoints of Surgical Tools Using Vision-Language Models
  with Low-Rank Adaptation },
  year={ 2025 },
}

@article{DroneKeyDrone3DPoseEstimationinImageSequ,
  title={ DroneKey: Drone 3D Pose Estimation in Image Sequences using Gated
  Key-representation and Pose-adaptive Learning },
  year={ 2025 },
}

@article{HOSt3RKeypointfreeHandObject3DReconstruc,
  title={ HOSt3R: Keypoint-free Hand-Object 3D Reconstruction from RGB images },
  year={ 2025 },
}

@article{StableDiffusionModelsareSecretlyGoodatVi,
  title={ Stable Diffusion Models are Secretly Good at Visual In-Context Learning },
  year={ 2025 },
}

@article{AugLiftBoostingGeneralizationinLiftingba,
  title={ AugLift: Boosting Generalization in Lifting-based 3D Human Pose
  Estimation },
  year={ 2025 },
}

@article{HeadAnchorEnhancedDetectionandAssociatio,
  title={ Head Anchor Enhanced Detection and Association for Crowded Pedestrian
  Tracking },
  year={ 2025 },
}

@article{MitigatingResolutionDriftinFederatedLear,
  title={ Mitigating Resolution-Drift in Federated Learning: Case of Keypoint
  Detection },
  year={ 2025 },
}

@article{CrossSpatialTemporalFusionAttentionforRe,
  title={ Cross Spatial Temporal Fusion Attention for Remote Sensing Object
  Detection via Image Feature Matching },
  year={ 2025 },
}

@article{A3DCrossmodalKeypointDescriptorforMRUSMa,
  title={ A 3D Cross-modal Keypoint Descriptor for MR-US Matching and Registration },
  year={ 2025 },
}
